thesis_introduction/introduction.bib