thesis_synthesis/synthesis.bib